<record><leader>00000cas a22000007a 4500</leader><controlfield tag="001">11583339</controlfield><controlfield tag="008">850115d18621862wiuwr ne      0    0eng d</controlfield><datafield ind1=" " ind2=" " tag="010"><subfield code="a">sn 85040011 </subfield></datafield><datafield ind1=" " ind2=" " tag="040"><subfield code="a">NPV</subfield><subfield code="b">eng</subfield><subfield code="c">NPV</subfield><subfield code="d">OCLCQ</subfield></datafield><datafield ind1=" " ind2=" " tag="042"><subfield code="a">msc</subfield></datafield><datafield ind1="0" ind2="0" tag="245"><subfield code="a">Whig of seventy-six, and Beaver Dam Democrat.</subfield></datafield><datafield ind1="1" ind2="7" tag="246"><subfield code="a">Whig of '76</subfield></datafield><datafield ind1=" " ind2=" " tag="260"><subfield code="a">Beaver Dam [Wis. :</subfield><subfield code="b">s.n.],</subfield><subfield code="c">1862.</subfield></datafield><datafield ind1=" " ind2=" " tag="300"><subfield code="a">1 v.</subfield></datafield><datafield ind1=" " ind2=" " tag="310"><subfield code="a">Weekly</subfield></datafield><datafield ind1="0" ind2=" " tag="362"><subfield code="a">Vol. 10, no. 12 (Jan. 4, 1862)-v. 10, no. 23 (Mar. 22, 1862).</subfield></datafield><datafield ind1=" " ind2=" " tag="752"><subfield code="a">United States</subfield><subfield code="b">Wisconsin</subfield><subfield code="c">Dodge</subfield><subfield code="d">Beaver Dam.</subfield></datafield><datafield ind1="0" ind2="0" tag="780"><subfield code="t">Beaver Dam democrat</subfield><subfield code="w">(DLC)sn 85040010</subfield></datafield><datafield ind1="0" ind2="0" tag="785"><subfield code="t">Whig of seventy-six</subfield><subfield code="w">(DLC)sn 85040012</subfield></datafield></record>